@article{puma700,
author = {Emin, Gebizlioglu},
journal = "Orta Dogu Teknik Universitesi (Ankara, Turkey)",
year = {2003},
pages = {},
title = {External control of PUMA 700 series robot based on the communication protocols LUN and DDCMP},
url={https://www.researchgate.net/publication/35715745_External_control_of_PUMA_700_series_robot_based_on_the_communication_protocols_LUN_and_DDCMP}
}

@article{remotearm01,
	author = {Md. Bony, Amin},
	journal = {International Conference on Mechanical, Industrial and Materials Engineering 2013 (ICMIME2013)},
	year = {2013},
	pages = {},
	title = {Design and Implementation of a Remote Controlled Robotic Arm Based on Industrial Application Perspective},
	url="https://www.academia.edu/7741148/Design_and_Implementation_of_a_Remote_Controlled_Robotic_Arm_Based_on_Industrial_Application_Perspective"
} 


@inproceedings{inproceedings02,
	author = {Alam, Md and Jamil},
	year = {2014},
	month = {03},
	pages = {438-442},
	title = {Design and implementation of a RF controlled robotic environmental survey assistant system},
	doi = {10.1109/ICCITechn.2014.6997313}
}

@article{aruaru,
	author = {Aru, Aru},
	year = {2013},
	month = {01},
	pages = {56-60},
	title = {Design Exploration of a Microcontroller Based RF Remote Control 13amps Wall Socket},
	volume = {11},
	journal = {IOSR Journal of Computer Engineering},
	doi = {10.9790/0661-1115660}
}

@article{articuloBT,
	author = {Yusoff, Mohd and Samin},
	year = {2012},
	month = {12},
	pages = {1072-1078},
	title = {Wireless Mobile Robotic Arm},
	volume = {41},
	journal = {Procedia Engineering},
	doi = {10.1016/j.proeng.2012.07.285}
}

@article{articulowifi,
	author = {Kaustubh, Gawli},
	year = {2017},
	month = {3},
	pages = {757-759},
	title = {Wireless Mobile Robotic Arm},
	volume = {04},
	journal = {International Research Journal of Engineering and Technology (IRJET)},
	url = "https://pdfs.semanticscholar.org/58ca/6aba90bbf9b05ea41e0cadeb272b1aa742b0.pdf"
}



@inproceedings{inproceedings,
author = {Yoshigae, Nakao},
year = {2009},
month = {11},
pages = {},
title = {An Educational Framework for Remote Control of a PUMA Robot},
url="https://www.researchgate.net/publication/311628484_An_Educational_Framework_for_Remote_Control_of_a_PUMA_Robot"
}

@misc{Munoz01, 
  author =       "R. Mu\={n}oz", 
  title =        "{Tratamiento y resolución de las descripciones definidas y su aplicaci?n en sistemas de extracci?n de informaci?n}", 
  school =       "Departamento de Lenguajes y Sistemas Inform\'aticos. Universidad de Alicante", 
  year =         "2001", 
  type =         "", 
  month =        "May", 
}

@article{LIU1998177,
title = "An Open-Structure Robot Controller",
journal = "IFAC Proceedings Volumes",
volume = "31",
number = "25",
pages = "177 - 181",
year = "1998",
note = "5th IFAC Symposium on Low Cost Automation (LCA'98), Shenyang, PRC, 8-10 September 1998",
issn = "1474-6670",
doi = "https://doi.org/10.1016/S1474-6670(17)36382-6",
url = "http://www.sciencedirect.com/science/article/pii/S1474667017363826",
author = "M. Liu and T. Nguyen and N. Le and E. Kwan",
keywords = "Robot control, robotic manipulators, computer control, sensor systems, real time systems",
}

@misc{alfonso1,
   Author = {Alfonso, Andr?s and Valero, C?sar},
   Title = {{Fundamentos de SciLab y Aplicaciones}},
   Note = {Disponible en http://www.scilab.org y obtenido en enero 2008},
 Year = {2004} }



@article{avdis1,
   Author = {Avdis, Efstathios and Whitt, Ward},
   Title = {{Power Algorithms for Inverting Laplace Transforms}},
   Journal = {INFORMS JOURNAL ON COMPUTING},
   Volume = {19},
   Number = {3},
   Pages = {341-355},
   Abstract = {This paper investigates ways to create algorithms to invert
   Laplace transforms numerically within a unified framework proposed by Abate and Whitt (2006).
   That framework approximates the desired function value by a finite linear combination of transform values,
   depending on parameters called weights and nodes, which are initially left unspecified.
   Alternative parameter sets, and thus algorithms, are generated and evaluated here by considering power
   test functions. Real weights for a real-variable power algorithm are found for specified real powers and
   positive real nodes by solving a system of linear equations involving a generalized Vandermonde matrix,
   using Mathematica. The resulting power algorithms are shown to be effective, with the parameter choice
   being tunable to the transform being inverted. The powers can be advantageously chosen from series
   expansions of the transform. Experiments show that the power algorithms are robust in the nodes;
   it suffices to use the first n positive integers. The power test functions also provide a useful
   way to evaluate the performance of other algorithms.},
 Year = {2007} }



@misc{baumer1,
   Author = {B?umer, B. and Neubrander, F.},
   Title = {{Laplace transform methods for evolution equations}},
   Volume = {2004},
   Number = {26 diciembre 2004},
   Note = {Conferenze del Seminario di Matematica dell'Universit`a di Bari. Obtenido de http://citeseer.ist.psu.edu/48209.html el 26 diciembre 2004},
 Year = {1994} }



@misc{baumer2,
   Author = {B?umer, Boris and Lumer, G?nter and Neubrander, Frank},
   Title = {{Convolution Kernels and Generalized Functions}},
   Volume = {2004},
   Number = {26 diciembre 2004},
   Note = {Obtenido de http://citeseer.ist.psu.edu/515846.html el 26 diciembre 2004},
 Year = {2004} }




@book{brea5,
   Author = {Brea, Ebert},
   Title = {{C?lculo Operacional}},
   Publisher = {Escuela de Ingenier?a El?ctrica, Universidad Central de Venezuela},
   Address = {Caracas},
   Edition = {1ra},
 Year = {2006} }

@book{juan1,
	Author = {Marcano, Juan},
	Title = {Implementación de sistema de programación de Trayectorias para el brazo manipulador MA2000},
	Publisher = {Escuela de Ingeniería Eléctrica, Universidad Central de Venezuela},
	Address = {Caracas},
	Year = {2013} }

@book{jorge1,
	Author = {Valderrama, Jorge},
	Title = {Diseño de un conjunto de prácticas para la configuración y uso básico del microcontrolador ESP8266},
	Publisher = {Escuela de Ingeniería Eléctrica, Universidad Central de Venezuela},
	Address = {Caracas},
	Year = {2018} }

@book{alexis1,
	Author = {Labrador, Alexis},
	Title = {Diseño de un equipo para el control y monitoreo de un motor asincrónico usando una aplicación móvil},
	Publisher = {Escuela de Ingeniería Eléctrica, Universidad Central de Venezuela},
	Address = {Caracas},
	Year = {2018} }



@book{brigham1,
   Author = {Brigham, E. Oran},
   Title = {{The fast Fourier transform}},
   Publisher = {Prentice Hall},
   Address = {Englewood Cliffs, N.J.},
   Series = {Prentice-Hall signal processing series},
 Keywords = {Fourier transformations.},
   Year = {1974} }

@book{miller2009anesthesia,
  title={Anesthesia E-Book},
  author={Miller, R.D. and Eriksson, L.I. and Fleisher, L.A. and Wiener-Kronish, J.P. and Young, W.L.},
  isbn={9781437720617},
  lccn={2009010750},
  url={https://books.google.co.ve/books?id=NdtScV4iZGYC},
  year={2009},
  publisher={Elsevier Health Sciences}
}


@book{brigham2,
   Author = {Brigham, E. Oran},
   Title = {{The fast Fourier transform and its applications}},
   Publisher = {Prentice Hall},
   Address = {Englewood Cliffs, N.J.},
   Series = {Prentice-Hall signal processing series},
 Keywords = {Fourier transformations.},
   Year = {1988} }



@article{carrolll1,
   Author = {Carroll, J.E.},
   Title = {{Factorization of Fourier and Laplace transforms as a basis of the fast Fourier transform.}},
   Journal = {International Journal of Electronics},
   Volume = {38},
   Number = {2},
   Pages = {265},
   Abstract = {A mechanistic method of finding the next step in an arbitrarily large fast Fourier transform at an arbitrary stage is outlined. The method starts by writing down two different forms for the discrete Fourier transform of a sampled function and converting one into the other by decomposition using partial fractions. The process demonstrated corresponds to decimation in time. The alternative of decimation in frequency is demonstrated through an analogous procedure using the Laplace transform of a sampled function. It is suggested that the method should help in understanding the organization of a large-scale FFT. [ABSTRACT FROM AUTHOR]
Copyright of International Journal of Electronics is the property
of Taylor & Francis Ltd and its content may not be copied or
emailed to multiple sites or posted to a listserv without the
copyright holder's express written permission. However, users may
print, download, or email articles for individual use. This
abstract may be abridged. No warranty is given about the accuracy
of the copy. Users should refer to the original published version
of the material for the full abstract. (Copyright applies to all
Abstracts)},
 Keywords = {FOURIER transformations
LAPLACE transformation ELECTRONICS},
   Year = {1975} }


@article{cooley1,
   Author = {Cooley, James W. and Tukey, John W.},
   Title = {{An Algorithm for the Machine Calculation of Complex Fourier Series}},
   Journal = {Mathematics of Computation},
   Volume = {19},
   Number = {90},
   Pages = {297-301},
   Note = {American Mathematical Society},
 Year = {1965} }


@manual{esp1,
	Title={ESP 8266 Technical Reference version 1.3},

	Year={2017},
	Organization={Espressif Systems}
	
}

@manual{esp2,
	Title={ESP 8266 Non-OS SDK API Reference version 3.0.1},

	Year={2019},
	Organization={Espressif Systems}
}
@manual{esp3,
	Title={ESP 8266 SDK Getting Started Guide version 2.0},

	Year={2016},
	Organization={Espressif Systems}
}
@manual{esp4,
	Title={ESP8266EX Datasheet version 6.0},

	Year={2018},
	Organization={Espressif Systems}
}
@incollection{leonhard1,
   Author = {Euler, Leonhard},
   Title = {{De constructione aequationum}},
   BookTitle = {Commentarii Academiae Scientiarum Imperialis Petropolitanae},
   Volume = {IX},
   Pages = {85-97},
   Note = {Obtenido de http://math.dartmouth.edu/\~{ }euler/pages/E070.html el 26 diciembre 2004},
 Year = {1744} }

@article{Hvattum200931,
author = {Lars Magnus Hvattum and Fred Glover},
title = {Finding local optima of high-dimensional functions using direct search methods},
journal = {European Journal of Operational Research},
volume = {195},
number = {1},
pages = {31 - 45},
year = {2009}}
